@article{10.7287/peerj.preprints.27295v1,
 title = {QIIME 2: Reproducible, interactive, scalable, and extensible microbiome data science},
 author = {Bolyen, Evan and Rideout, Jai Ram and Dillon, Matthew R and Bokulich, Nicholas A and et al, including Keefe, Christopher R },
 year = 2018,
 month = {oct},
 volume = 6,
 pages = {e27295v1},
 journal = {PeerJ Preprints},
 issn = {2167-9843},
 url = {https://doi.org/10.7287/peerj.preprints.27295v1},
 doi = {10.7287/peerj.preprints.27295v1}
}

@Article{PER-GRA:2007,
  Author    = {P\'erez, Fernando and Granger, Brian E.},
  Title     = {{IP}ython: a System for Interactive Scientific Computing},
  Journal   = {Computing in Science and Engineering},
  Volume    = {9},
  Number    = {3},
  Pages     = {21--29},
  month     = may,
  year      = 2007,
  url       = "https://ipython.org",
  ISSN      = "1521-9615",
  doi       = {10.1109/MCSE.2007.53},
  publisher = {IEEE Computer Society},
}
